@misc{www/xml,
	author = {Tim Bray and Jean Paoli and C. M. Sperberg-McQueen and Eve Maler and others},
	title = {{Extensible Markup Language (XML) 1.0 (Fifth Edition)}},
	month = "November",
	year = {2008},
	howpublished = {http://www.w3.org/TR/xml}
}
@article{www/json2,
	author={Crockford, Douglas},
	title={{}The application/json media type for JavaScript Object Notation (JSON)}},
	month = {July},
	year={2006}
	howpublished = {http://www.ietf.org/rfc/rfc4627.txt}
}
@misc{www/json,
	author = {JSON.ORG},
	title = {{Introduction to JSON}},
	month = "November",
	year = {2008},
	howpublished = {http://www.json.org}
}
@misc{www/basex,
	author = {Christian Gr{\"u}n},
	title = {{BaseX -- The XML Database for Processing, Querying and Visualizing large XML data}},
	month = "October",
	year = {2010},
	howpublished = {http://basex.org}
}

@inproceedings{xmark/original,
	title={XMark: A benchmark for XML data management},
	author={Schmidt, Albrecht and Waas, Florian and Kersten, Martin and Carey, Michael J and Manolescu, Ioana and Busse, Ralph},
	booktitle={{Proceedings of the 28th international conference on Very Large Data Bases}},
	pages={974--985},
	year={2002},
	organization={VLDB Endowment}
}
@techreport{xmark/mlynkova2008xml,
	title={Xml benchmarking: Limitations and opportunities},
	 author={Ml{\`y}nkov{\'a}, Irena},
	 year={2008},
	 institution={Technical Report, Department of Software Engineering, Charles University, Czech Republic}
}
@inproceedings{xmark/VIST,
	author = {Haixun Wang and Sanghyun Park and Wei Fan and Philip S. Yu},
	title = {ViST: A Dynamic Index Method for Querying XML Data by Tree Structures},
	booktitle = {In SIGMOD},
	year = {2003},
	pages = {110--121}
}
 @book{mongo/action,
 	title={MongoDB in action},
 	author={Banker, Kyle},
 	year={2011},
 	publisher={Manning Publications Co.}
 }
 
@article{nosql/comparision,
	title={Investigation and Comparison of Distributed NoSQL Database Systems},
	author={Gao, Xiaoming},
	year={2013}
}
@article{wuoverview,
  title={An Overview of Present NoSQL Solutions and Features},
  author={Wu, Tak-Lon Stephen},
  year={2013},
  publisher={Citeseer}
}
@inproceedings{xmark/schema-sumerize,
	title={Schema summarization},
	author={Yu, Cong and Jagadish, HV},
	booktitle={Proceedings of the 32nd international conference on Very large data bases},
	pages={319--330},
	year={2006},
	organization={VLDB Endowment}
}

@article{cattell2011scalable,
	title={Scalable SQL and NoSQL data stores},
	author={Cattell, Rick},
	journal={ACM SIGMOD Record},
	volume={39},
	number={4},
	pages={12--27},
	year={2011},
	publisher={ACM}
}
@book{banker2011mongodb,
	title={MongoDB in action},
	author={Banker, Kyle},
	year={2011},
	publisher={Manning Publications Co.}
}
@inproceedings{lee2011jxon,
	title={JXON: an architecture for schema and annotation driven JSON/XML bidirectional transformations},
	author={Lee, David},
	booktitle={Proceedings of Balisage: The Markup Conference},
	year={2011}
}

@inproceedings{jsonxmltransform,
	title={Experiences with JSON and XML Transformations},
	author={John Boyer, Sandy Gao, Susan Malaika, Michael Maximilien, Rich Salz, Jerome Simeon},
	year={2011},
	organization={IBM}
}
@ONLINE{bson,
	author = {BSON},
	title = {BSON Specification},
	url = {http://bsonspec.org/}
}

@book{cb/brown2013developing,
	title={Developing with Couchbase Server},
	author={Brown, Martin C},
	year={2013},
	publisher={" O'Reilly Media, Inc."}
}
@book{cb/ostrovsky2014pro,
	title={Pro Couchbase Server},
	author={Ostrovsky, David and Rodenski, Yaniv},
	year={2014},
	publisher={Apress}
}
@article{lichtenberg2013nosql,
	title={NoSQL Database in the Cloud: Couchbase Server 2.0 on AWS},
	author={Lichtenberg, Kyle and Ward, Miles},
	year={2013}
}
@inproceedings{hecht2011nosql,
	title={NoSQL Evaluation},
	author={Hecht, Robin and Jablonski, S},
	booktitle={International Conference on Cloud and Service Computing},
	year={2011}
}
@article{orend2010analysis,
	title={Analysis and classification of NoSQL databases and evaluation of their ability to replace an object-relational Persistence Layer},
	author={Orend, Kai},
	journal={Architecture. Citeseer},
	pages={100},
	year={2010},
	publisher={Citeseer}
}
@article{simanjuntak2015query,
	title={QUERY RESPONSE TIME COMPARISON NOSQLDB MONGODB WITH SQLDB ORACLE},
	author={Simanjuntak, Humasak TA and Simanjuntak, Lowiska and Situmorang, Goretti and Saragih, Adesty},
	journal={JUTI: Jurnal Ilmiah Teknologi Informasi},
	volume={13},
	number={1},
	pages={95--105},
	year={2015}
}
@article{JSON:value:memo,
	title={The application/json media type for javascript object notation (json)},
	author={Crockford, Douglas},
	year={2006 ( {@ONLINE} accessed January 10, 2015)},
	url    = {http://tools.ietf.org/html/rfc4627/},
}
@article{halici1991optimistic,
	title={An optimistic locking technique for concurrency control in distributed databases},
	author={Halici, Ugur and Dogac, Asuman},
	journal={Software Engineering, IEEE Transactions on},
	volume={17},
	number={7},
	pages={712--724},
	year={1991},
	publisher={IEEE}
}
%%url

@manual{nosql:org,
  	title  = {NOSQL Databases.  {@ONLINE} Nosql-database.org},
  	author = {Mark Senn},
  	url    = {http://www.nosql-database.org/},
  	year   = {2015 (accessed January 10, 2015)}
  }
 @manual{mongodb:org,
  	title  = {The MongoDB 2.6 Manual},
  	author = {MongoDB Inc.},
  	url    = {http://docs.mongodb.org/},
  	year   = {2015 (accessed January 12, 2015)}
  }
   @manual{mongodb-docsfind,
  	title  = {MongoDB find},
  	author = {MongoDB Inc.},
  	url    = {http://docs.mongodb.org/manual/reference/method/db.collection.find/},
  	year   = {2015 (accessed January 12, 2015)}
  }

@manual{rethinkdbcompare,
	author = {Rethinkdb},
	title = {RethinkDB vs Today's NoSQL},
	date = {2015},
	year   = {2015 (accessed June 10, 2015)},
	url = {http://rethinkdb.com/blog/mongodb-biased-comparison/}
}
@manual{rethinkdb,
	author = {Rethinkdb},
	title = {An open-source distributed database built with love - RethinkDB},
	date = {2015},
	year   = {2015 (accessed January 12, 2015)},
	url = {http://www.rethinkdb.com/}
}

@manual{mongodbpipelinelimit,
	author = {MongoDB},
	title = {Aggregation Pipeline Limits},
	date = {2015},
	year   = {2015 (accessed May 30, 2015)},
	url = {http://docs.mongodb.org/manual/core/aggregation-pipeline-limits/}
}

@manual{mongodbaggregation,
    author = {Documentation, MongoDB},
	title = {MongoDB Aggregation and Data Processing},
	date = {2015},
	year   = {2015 (accessed May 30, 2015)},
	url = {http://docs.mongodb.org/manual/aggregation/}
}
@manual{couchbasedocs,
	author = {Documentation, Couchbase},
	title = {Couchbase Documentation},
	date = {2015},
	year   = {2015 (accessed May 22, 2015)},
	url = {http://docs.couchbase.com/}
}


@article{hadjigeorgiou2013rdbms,
	title={{RDBMS} vs {NoSQL}: Performance and Scaling Comparison},
	author={Hadjigeorgiou, Christoforos and others},
	journal={The University of Edinburgh},
	year={2013}
}

@inproceedings{couchbasen1ql,
	title={Oracle, MySQL, Cassandra and MongoDB Among Developers to Benefit from Breakthrough Query Language, Couchbase N1QL},
	author={Clara, Santa},
	date = {2015},
	year   = {2015 (accessed June 20, 2015)},
	url = { http://www.couchbase.com/press-releases/couchbase-introduces-n1ql-breakthrough-query-language}
} 
@inproceedings{shanmugasundaram1999relational,
	title={Relational databases for querying {XM}L documents: Limitations and opportunities},
	author={Shanmugasundaram, Jayavel and Tufte, Kristin and Zhang, Chun and He, Gang and DeWitt, David J and Naughton, Jeffrey F},
	booktitle={Proceedings of the 25th International Conference on Very Large Data Bases},
	pages={302--314},
	year={1999},
	organization={Morgan Kaufmann Publishers Inc.}
}
@inproceedings{jiang2002xparent,
	title={{XParent}: An efficient {RDBMS}-based {XML} database system},
	author={Jiang, Haifeng and Lu, Hongjun and Wang, Wei and Yu, Jeffrey Xu},
	booktitle={Data Engineering, 2002. Proceedings. 18th International Conference on},
	pages={335--336},
	year={2002},
	organization={IEEE}
}
@inproceedings{nance2013nosql,
	title={{NoSQL} vs {RDBMS}-why there is room for both},
	author={Nance, Cory and Losser, Travis and Iype, Reenu and Harmon, Gary},
	booktitle={Proceedings of the Southern Association for Information Systems Conference},
	pages={111--116},
	year={2013}
}
@inproceedings{abramova2013nosql,
  title={NoSQL databases: MongoDB vs cassandra},
  author={Abramova, Veronika and Bernardino, Jorge},
  booktitle={Proceedings of the International C* Conference on Computer Science and Software Engineering},
  pages={14--22},
  year={2013},
  organization={ACM}
}

%%%%%%%%%%%%%%%%%%%%%%%END Prakash%%%%%%%%%%%%%%%%%%%% 

%%%%%%%%%%%%%%%%%%%%%%% Start Nikhilesh%%%%%%%%%%%%%%%%%%%% 

@article{pavlovic2007native,
  title={Native XML databases vs. relational databases in dealing with XML documents},
  author={Pavlovic-Lazetic, Gordana},
  journal={Kragujevac J. Math},
  volume={30},
  pages={181--199},
  year={2007},
  publisher={Citeseer}
}
@inproceedings{li2001indexing,
  title={Indexing and querying XML data for regular path expressions},
  author={Li, Quanzhong and Moon, Bongki and others},
  booktitle={VLDB},
  volume={1},
  pages={361--370},
  year={2001}
}
@article{leavitt2010will,
  title={Will NoSQL databases live up to their promise?},
  author={Leavitt, Neal},
  journal={Computer},
  volume={43},
  number={2},
  pages={12--14},
  year={2010},
  publisher={IEEE}
}